<record xmlns='http://www.loc.gov/MARC21/slim'><leader>00993cim a22002892u 4500</leader><controlfield tag='001'>3601348</controlfield><controlfield tag='005'>20151214182834.0</controlfield><controlfield tag='007'>ss|lmnjluz|nuu</controlfield><controlfield tag='008'>991101s1984    nyunnn         l    eng d</controlfield><datafield ind1=' ' ind2=' ' tag='035'><subfield code='a'>(NIC)notisASF8413</subfield></datafield><datafield ind1=' ' ind2=' ' tag='035'><subfield code='a'>3601348</subfield></datafield><datafield ind1=' ' ind2=' ' tag='035'><subfield code='a'>(OCoLC)63897443</subfield></datafield><datafield ind1=' ' ind2=' ' tag='040'><subfield code='a'>NIC</subfield><subfield code='c'>NIC</subfield><subfield code='d'>NIC</subfield></datafield><datafield ind1='1' ind2=' ' tag='100'><subfield code='a'>Ba-Yunus, Ilyas.</subfield></datafield><datafield ind1='1' ind2='0' tag='245'><subfield code='a'>Alternative choices:  solutions to modern man&apos;s problems</subfield><subfield code='h'>[sound recording]</subfield></datafield><datafield ind1=' ' ind2=' ' tag='260'><subfield code='c'>1984.</subfield></datafield><datafield ind1=' ' ind2=' ' tag='300'><subfield code='a'>1 sound cassette (70 min.) :</subfield><subfield code='b'>analog, mono.</subfield></datafield><datafield ind1=' ' ind2=' ' tag='500'><subfield code='a'>Recorded in Ithaca, NY by Cornell University.</subfield></datafield><datafield ind1=' ' ind2=' ' tag='518'><subfield code='a'>Lecture, February 24, 1984.</subfield></datafield><datafield ind1=' ' ind2=' ' tag='520'><subfield code='a'>Ba-Yunus presents a personal assessment of the current state of Islam in the Middle East.</subfield></datafield><datafield ind1=' ' ind2='0' tag='650'><subfield code='a'>Islam</subfield><subfield code='x'>Doctrines.</subfield></datafield><datafield ind1=' ' ind2='0' tag='650'><subfield code='a'>Islam and politics.</subfield></datafield><datafield ind1=' ' ind2='7' tag='650'><subfield code='a'>Islam and politics</subfield><subfield code='2'>fast</subfield><subfield code='0'>(OCoLC)fst00979879</subfield></datafield><datafield ind1=' ' ind2='7' tag='650'><subfield code='a'>Islam</subfield><subfield code='x'>Doctrines</subfield><subfield code='2'>fast</subfield><subfield code='0'>(OCoLC)fst00979787</subfield></datafield><datafield ind1='1' ind2=' ' tag='899'><subfield code='a'>CULectures</subfield></datafield><datafield ind1=' ' ind2=' ' tag='905'><subfield code='a'>19991201120000.0</subfield></datafield><datafield ind1='2' ind2=' ' tag='948'><subfield code='a'>20141221</subfield><subfield code='b'>m</subfield><subfield code='d'>batch</subfield><subfield code='e'>lts</subfield><subfield code='x'>addfast</subfield></datafield></record>